<?xml version="1.0" encoding="UTF-8"?><collection xmlns="http://www.loc.gov/MARC21/slim"><record><leader>00402nam--2200121-i-4500</leader><controlfield tag="001">000018247</controlfield><controlfield tag="002">20161230</controlfield><controlfield tag="005">20161230201032</controlfield><controlfield tag="008">060222s1000------------r-----000-0-eng-d</controlfield><datafield ind1=" " ind2=" " tag="080"><subfield code="a">621.65.004:666.93.022(083.13)</subfield></datafield><datafield ind1=" " ind2=" " tag="245"><subfield code="a">Conditii tehnice pentru folosirea si intretinerea pompelor de mortar tip  s-232  si tip  progresul braila </subfield></datafield><datafield ind1=" " ind2=" " tag="260"><subfield code="a">Bucuresti, Editura Tehnica, /1957/.21 P.+erata</subfield></datafield><datafield ind1=" " ind2=" " tag="852"><subfield code="a">5318</subfield></datafield></record></collection>